%%%%%%%%%%%%%%%%%%%%%%
%General "classic" papers in Stats and NLP
%%%%%%%%%%%%%%%%%%%%%%
@book{Hellinger1909,
  title={Neue Begr{\"u}ndung der Theorie quadratischer Formen von unendlichvielen Ver{\"a}nderlichen},
  author={Hellinger, E.},
  year={1909},
  publisher={Reimer}
}

@article{Fisher1925,
author = {Fisher,R. A.},
title = {{Theory of Statistical Estimation}},
journal = {Mathematical Proceedings of the Cambridge Philosophical Society},
volume = {22},
issue = {05},
issn = {1469-8064},
pages = {700--725},
numpages = {26},
year = {1925}
}

@article{Dice1945,
    author = {Dice, L. R.},
    journal = {Ecology},
    number = {3},
    pages = {297--302},
    title = {{Measures of the Amount of Ecologic Association Between Species}},
    volume = {26},
    year = {1945}
}

@article{Rao1945,
author = {Rao, C. Radhakrishna},
title = {{Information and the Accuracy Attainable in the Estimation of Statistical Parameters}},
journal = {Bulletin of the Calcutta Mathematical Society},
volume = {37},
year = {1945},
number = {3},
pages = {81--91},
}

@incollection{Zipf1949,
  address = {Cambridge, MA},
  author = {Zipf, George},
  publisher = { Addison-Wesley},
  title = { Human Behaviour and the Principle of Least-Effort},
  year = { 1949}
}

@article{Lewis1968,
 author = {Lewis,II, P. M. and Stearns, R. E.},
 title = {Syntax-Directed Transduction},
 journal = {J. ACM},
 issue_date = {July 1968},
 volume = {15},
 number = {3},
 month = jul,
 year = {1968},
 issn = {0004-5411},
 pages = {465--488},
 numpages = {24},
 publisher = {ACM},
 address = {New York, NY, USA},
} 


@ARTICLE{Dempster1977,
    author = {A. P. Dempster and N. M. Laird and D. B. Rubin},
    title = {{Maximum likelihood from incomplete data via the EM algorithm}},
    journal = {Journal of the Royal Statistical Society, Series B},
    year = {1977},
    volume = {39},
    number = {1},
    pages = {1--38}
}

@inproceedings{Baker1979,
    author = "Baker, J.K.",
    title = "Trainable grammars for speech recognition",
    year = "1979",
    booktitle = "Speech communication papers presented at the 97th Meeting of the Acoustical Society",
    pages = "547-550",
    keywords = "NLP",
}

@book{Chentsov1982,
  title={Statistical Decision Rules and Optimal Inference},
  author={Chentsov, N.N.},
  isbn={9780821813478},
  lccn={81015039},
  series={Translations of mathematical monographs},
  year={1982},
  publisher={American Mathematical Society}
}

@inproceedings{Hwang1992,
 author = {Hwang, Mei-Yuh and Huang, Xuedong},
 title = {Subphonetic modeling for speech recognition},
 booktitle = {Proceedings of the workshop on Speech and Natural Language},
 series = {HLT '91},
 year = {1992},
 isbn = {1-55860-272-0},
 location = {Harriman, New York},
 pages = {174--179},
 numpages = {6},
 publisher = {Association for Computational Linguistics},
 address = {Stroudsburg, PA, USA},
} 

@article{Marcus1993,
 author = {Marcus, Mitchell P. and Marcinkiewicz, Mary Ann and Santorini, Beatrice},
 title = {{Building a large annotated corpus of English: the penn treebank}},
 journal = {Computational Linguistics},
 issue_date = {June 1993},
 volume = {19},
 number = {2},
 month = jun,
 year = {1993},
 issn = {0891-2017},
 pages = {313--330},
 numpages = {18},
 publisher = {MIT Press},
 address = {Cambridge, MA, USA},
}

@inproceedings{Kneser1993,
  author = {Kneser, Reinhard and Ney, Hermann},
  booktitle = {In Proceedings of the European Conference on Speech Communication
	and Technology (Eurospeech)},
  title = {Improved clustering techniques for class-based statistical language
	modeling},
  year = 1993
}

@book{Golub1996,
 author = {Golub, Gene H. and Van Loan, Charles F.},
 title = {Matrix Computations (3rd Ed.)},
 year = {1996},
 isbn = {0-8018-5414-8},
 publisher = {Johns Hopkins University Press},
 address = {Baltimore, MD, USA},
} 


@inproceedings{Chappelier1998,
  author = {Chappelier, Jean-CÃ©dric and Rajman, Martin},
  booktitle = {TAPD},
  date = {2004-11-29},
  pages = {133-137},
  title = {A Generalized CYK Algorithm for Parsing Stochastic CFG.},
  year = 1998
} 

@article{Chen1999,
  author    = {Stanley F. Chen and
               Joshua Goodman},
  title     = {An empirical study of smoothing techniques for language
               modeling},
  journal   = {Computer Speech {\&} Language},
  volume    = {13},
  number    = {4},
  year      = {1999},
  pages     = {359-393},
}

@inproceedings{Klein2001,
  author    = {Dan Klein and
               Christopher D. Manning},
  title     = {Parsing and Hypergraphs},
  booktitle     = {Proceedings of the Seventh International Workshop on Parsing
               Technologies (IWPT-2001), 17-19 October 2001, Beijing, China},
  year      = {2001},
}
@proceedings{DBLP:conf/iwpt/2001,
  booktitle = {IWPT},
  publisher = {Tsinghua University Press},
  year      = {2001},
}

@article{Johnson2002,
 author = {Johnson, Mark},
 title = {{Squibs and discussions: the DOP Estimation method is biased and inconsistent}},
 journal = {Computational Linguistics},
 issue_date = {March 2002},
 volume = {28},
 number = {1},
 month = mar,
 year = {2002},
 issn = {0891-2017},
 pages = {71--76},
 numpages = {6},
 publisher = {MIT Press},
 address = {Cambridge, MA, USA},
} 

@book{Amari2007,
  title={Methods of Information Geometry},
  author={Amari, S. and Nagaoka, H. and Harada, D.},
  isbn={9780821843024},
  lccn={00059362},
  series={Translations of mathematical monographs},
  year={2007},
  publisher={American Mathematical Society}
}

%%%%%%%%%%%%%%%%%%
%General MT papers
%%%%%%%%%%%%%%%%%%
@article{Brown1990,
author = {Brown, Peter F and Cocke, John and Pietra, Stephen A Della and Pietra, Vincent J Della and Jelinek, Frederick and Lafferty, John. D and Mercer, Robert. L. and Roossin, Paul S.},
journal = {Computational Linguistics},
keywords = {Statistical Machine Translation},
mendeley-tags = {Statistical Machine Translation},
number = {2},
pages = {256--264},
publisher = {MIT Press},
title = {{A Statistical Approach To Machine Translation}},
volume = {16},
year = {1990}
}

@article{Brown1993,
 author = {Brown, Peter F. and Pietra, Vincent J. Della and Pietra, Stephen A. Della and Mercer, Robert L.},
 title = {The mathematics of statistical machine translation: parameter estimation},
 journal = {Computational Linguistics},
 issue_date = {June 1993},
 volume = {19},
 number = {2},
 month = jun,
 year = {1993},
 pages = {263--311},
 numpages = {49},
 publisher = {MIT Press},
 address = {Cambridge, MA, USA},
} 

@inproceedings{Vogel1996,
 author = {Vogel, Stephan and Ney, Hermann and Tillmann, Christoph},
 title = {{HMM-based word alignment in statistical translation}},
 booktitle = {Proceedings of the 16th conference on Computational linguistics - Volume 2},
 series = {COLING '96},
 year = {1996},
 location = {Copenhagen, Denmark},
 pages = {836--841},
 numpages = {6},
 publisher = {Association for Computational Linguistics},
 address = {Stroudsburg, PA, USA},
}

@article{Wu1997,
 author = {Wu, Dekai},
 title = {Stochastic inversion transduction grammars and bilingual parsing of parallel corpora},
 journal = {Computational Linguistics},
 issue_date = {September 1997},
 volume = {23},
 number = {3},
 month = sep,
 year = {1997},
 issn = {0891-2017},
 pages = {377--403},
 numpages = {27},
 publisher = {MIT Press},
 address = {Cambridge, MA, USA},
} 

@inproceedings{Marcu2002,
 author = {Marcu, Daniel and Wong, William},
 title = {A phrase-based, joint probability model for statistical machine translation},
 booktitle = {Proceedings of the ACL-02 conference on Empirical methods in natural language processing - Volume 10},
 series = {EMNLP '02},
 year = {2002},
 pages = {133--139},
 numpages = {7},
 publisher = {Association for Computational Linguistics},
 address = {Stroudsburg, PA, USA},
} 

@inproceedings{Papineni2002,
 author = {Papineni, Kishore and Roukos, Salim and Ward, Todd and Zhu, Wei-Jing},
 title = {{BLEU: a method for automatic evaluation of machine translation}},
 booktitle = {Proceedings of the 40th Annual Meeting on Association for Computational Linguistics},
 series = {ACL '02},
 year = {2002},
 location = {Philadelphia, Pennsylvania},
 pages = {311--318},
 numpages = {8},
 acmid = {1073135},
 publisher = {Association for Computational Linguistics},
 address = {Stroudsburg, PA, USA},
} 

@inproceedings{Koehn2003,
 author = {Koehn, Philipp and Och, Franz Josef and Marcu, Daniel},
 title = {Statistical phrase-based translation},
 booktitle = {Proceedings of the 2003 Conference of the North American Chapter of the Association for Computational Linguistics on Human Language Technology - Volume 1},
 series = {NAACL '03},
 year = {2003},
 location = {Edmonton, Canada},
 pages = {48--54},
 numpages = {7},
 publisher = {Association for Computational Linguistics},
 address = {Stroudsburg, PA, USA},
} 

@inproceedings{Och2003,
author = {Och, Franz Josef},
booktitle = {Proceedings of the 41st Annual Meeting of the Association of Computational Linguistics},
keywords = {Statistical Machine Translation},
mendeley-tags = {Statistical Machine Translation},
month = {July},
pages = {160--167},
title = {{Minimum Error Rate Training in Statistical Machine Translation}},
year = {2003}
}

@article{Och2004,
 author = {Och, Franz Josef and Ney, Hermann},
 title = {{The Alignment Template Approach to Statistical Machine Translation}},
 journal = {Computational Linguistics},
 issue_date = {December 2004},
 volume = {30},
 number = {4},
 month = dec,
 year = {2004},
 pages = {417--449},
 numpages = {33},
 publisher = {MIT Press},
 address = {Cambridge, MA, USA},
} 

@inproceedings{Shen2004,
  author    = {Shen, Libin  and  Sarkar, Anoop  and  Och, Franz Josef},
  title     = {Discriminative Reranking for Machine Translation},
  booktitle = {HLT-NAACL 2004: Main Proceedings },
  editor = {Susan Dumais, Daniel Marcu and Salim Roukos},
  year      = 2004,
  month     = {May 2 - May 7},
  address   = {Boston, Massachusetts, USA},
  publisher = {Association for Computational Linguistics},
  pages     = {177--184}
}

@inproceedings{Galley2004,
  author    = {Galley, Michel  and  Hopkins, Mark  and  Knight, Kevin  and  Marcu, Daniel},
  title     = {What's in a translation rule?},
  booktitle = {HLT-NAACL 2004: Main Proceedings },
  editor    = {Susan Dumais, Daniel Marcu and Salim Roukos},
  year      = 2004,
  month     = {May 2 - May 7},
  address   = {Boston, Massachusetts, USA},
  publisher = {Association for Computational Linguistics},
  pages     = {273--280},
}

@inproceedings{Chiang2005,
 author = {Chiang, David},
 title = {A hierarchical phrase-based model for statistical machine translation},
 booktitle = {Proceedings of the 43rd Annual Meeting on Association for Computational Linguistics},
 series = {ACL '05},
 year = {2005},
 location = {Ann Arbor, Michigan},
 pages = {263--270},
 numpages = {8},
 publisher = {Association for Computational Linguistics},
 address = {Stroudsburg, PA, USA},
}

@inproceedings{Matsuzaki2005,
 author = {Matsuzaki, Takuya and Miyao, Yusuke and Tsujii, Jun'ichi},
 title = {Probabilistic CFG with Latent Annotations},
 booktitle = {Proceedings of the 43rd Annual Meeting on Association for Computational Linguistics},
 series = {ACL '05},
 year = {2005},
 location = {Ann Arbor, Michigan},
 pages = {75--82},
 numpages = {8},
 publisher = {Association for Computational Linguistics},
 address = {Stroudsburg, PA, USA},
} 

@inproceedings{Liang2007,
 author={Percy Liang and Slav Petrov and Michael I. Jordan and Dan Klein},
 title={The Infinite {PCFG} using Hierarchical Dirichlet Processes},
 booktitle={Proc. of EMNLP},
 year=2007,
}

@inproceedings{Petrov2006,
 author = {Petrov, Slav and Barrett, Leon and Thibaux, Romain and Klein, Dan},
 title = {Learning accurate, compact, and interpretable tree annotation},
 booktitle = {Proceedings of the 21st International Conference on Computational Linguistics and the 44th annual meeting of the Association for Computational Linguistics},
 series = {ACL-44},
 year = {2006},
 location = {Sydney, Australia},
 pages = {433--440},
 numpages = {8},
 publisher = {Association for Computational Linguistics},
 address = {Stroudsburg, PA, USA},
} 

@inproceedings{Galley2006,
 author = {Galley, Michel and Graehl, Jonathan and Knight, Kevin and Marcu, Daniel and DeNeefe, Steve and Wang, Wei and Thayer, Ignacio},
 title = {Scalable inference and training of context-rich syntactic translation models},
 booktitle = {Proceedings of the 21st International Conference on Computational Linguistics and the 44th annual meeting of the Association for Computational Linguistics},
 series = {ACL-44},
 year = {2006},
 location = {Sydney, Australia},
 pages = {961--968},
 numpages = {8},
 publisher = {Association for Computational Linguistics},
 address = {Stroudsburg, PA, USA},
} 

@inproceedings{Hanneman2013,
 year=2013,
 author={Greg Hanneman and Alon Lavie},
 title={Improving Syntax-Augmented Machine Translation by Coarsening the Label Set},
 booktitle={Proc. of NAACL}}

@inproceedings{Zollmann2006,
 author = {Zollmann, Andreas and Venugopal, Ashish},
 title = {Syntax augmented machine translation via chart parsing},
 booktitle = {Proceedings of the Workshop on Statistical Machine Translation},
 series = {StatMT '06},
 year = {2006},
 location = {New York City, New York},
 pages = {138--141},
 numpages = {4},
 publisher = {Association for Computational Linguistics},
 address = {Stroudsburg, PA, USA},
} 

@inproceedings{Huang2006,
  author = {Liang Huang and Kevin Knight and Aravind Joshi},
  title = {Statistical Syntax-Directed Translation with Extended Domain of Locality},
  booktitle = {Proceedings of AMTA},
  month = {August},
  year = {2006}
}

@InProceedings{McClosky2006,
  author    = {McClosky, David  and  Charniak, Eugene  and  Johnson, Mark},
  title     = {Effective Self-Training for Parsing},
  booktitle = {Proceedings of the Human Language Technology Conference of the NAACL, Main Conference},
  month     = {June},
  year      = {2006},
  address   = {New York City, USA},
  publisher = {Association for Computational Linguistics},
  pages     = {152--159},
}

@article{Kumar2006,
  author    = {Shankar Kumar and
               Yonggang Deng and
               William Byrne},
  title     = {A weighted finite state transducer translation template
               model for statistical machine translation},
  journal   = {Natural Language Engineering},
  volume    = {12},
  number    = {1},
  year      = {2006},
  pages     = {35-75},
}

@article{Chiang2007,
 author = {Chiang, David},
 title = {Hierarchical Phrase-Based Translation},
 journal = {Computational Linguistics},
 issue_date = {June 2007},
 volume = {33},
 number = {2},
 month = jun,
 year = {2007},
 pages = {201--228},
 numpages = {28},
 publisher = {MIT Press},
 address = {Cambridge, MA, USA},
}

@inproceedings{Zettlemoyer2007,
 author = {Zettlemoyer, Luke S. and Moore, Robert C.},
 title = {Selective phrase pair extraction for improved statistical machine translation},
 booktitle = {Human Language Technologies 2007: The Conference of the North American Chapter of the Association for Computational Linguistics; Companion Volume, Short Papers},
 series = {NAACL-Short '07},
 year = {2007},
 location = {Rochester, New York},
 pages = {209--212},
 numpages = {4},
 publisher = {Association for Computational Linguistics},
 address = {Stroudsburg, PA, USA},
}

@article{Graehl2008,
 author = {Graehl, Jonathan and Knight, Kevin and May, Jonathan},
 title = {Training Tree Transducers},
 journal = {Comput. Linguist.},
 issue_date = {September 2008},
 volume = {34},
 number = {3},
 month = sep,
 year = {2008},
 issn = {0891-2017},
 pages = {391--427},
 numpages = {37},
 publisher = {MIT Press},
 address = {Cambridge, MA, USA},
} 

@INPROCEEDINGS{Paul2009,
    author = {Michael Paul},
    title = "Overview of the IWSLT 2009 Evaluation Campaign",
    booktitle = {Proceedings of IWSLT 2009},
    location = {Tokyo, Japan},
    year = {2009},
}

@inproceedings{Kumar2009,
 author = {Kumar, Shankar and Macherey, Wolfgang and Dyer, Chris and Och, Franz},
 title = {Efficient Minimum Error Rate Training and Minimum Bayes-Risk Decoding for Translation Hypergraphs and Lattices},
 booktitle = {Proceedings of the Joint Conference of the 47th Annual Meeting of the ACL and the 4th International Joint Conference on Natural Language Processing of the AFNLP: Volume 1 - Volume 1},
 series = {ACL '09},
 year = {2009},
 location = {Suntec, Singapore},
 pages = {163--171},
 numpages = {9},
} 

@inproceedings{Dyer2010,
  author={Chris Dyer and Adam Lopez
         and Juri Ganitkevitch and Johnathan Weese and Ferhan Ture
         and Phil Blunsom and Hendra Setiawan and Vladimir Eidelman and Philip Resnik},
  title={cdec: A Decoder, Alignment, and Learning framework for finite-state and context-free translation models},
  booktitle = {Proceedings of ACL},
  year={2010},
}

@InProceedings{Vaswani2011,
  author    = {Vaswani, Ashish  and  Mi, Haitao  and  Huang, Liang  and  Chiang, David},
  title     = {Rule Markov Models for Fast Tree-to-String Translation},
  booktitle = {Proceedings of the 49th Annual Meeting of the Association for Computational Linguistics: Human Language Technologies},
  month     = {June},
  year      = {2011},
  address   = {Portland, Oregon, USA},
  publisher = {Association for Computational Linguistics},
  pages     = {856--864},
}

@InProceedings{Bojar2013,
  author    = {Bojar, Ond\v{r}ej  and  Buck, Christian  and  Callison-Burch, Chris  and  Federmann, Christian  and  Haddow, Barry  and  Koehn, Philipp  and  Monz, Christof  and  Post, Matt  and  Soricut, Radu  and  Specia, Lucia},
  title     = {Findings of the 2013 {Workshop on Statistical Machine Translation}},
  booktitle = {Proceedings of the Eighth Workshop on Statistical Machine Translation},
  month     = {August},
  year      = {2013},
  address   = {Sofia, Bulgaria},
  publisher = {Association for Computational Linguistics},
  pages     = {1--44},
}

%%%%%%%%%%%%%%%%%%%%%%
"Monolingual" MT papers
%%%%%%%%%%%%%%%%%%%%%

@InProceedings{CallisonBurch2006,
  author    = {Callison-Burch, Chris  and  Koehn, Philipp  and  Osborne, Miles},
  title     = {Improved Statistical Machine Translation Using Paraphrases},
  booktitle = {Proceedings of the Human Language Technology Conference of the NAACL, Main Conference},
  month     = {June},
  year      = {2006},
  address   = {New York City, USA},
  publisher = {Association for Computational Linguistics},
  pages     = {17--24},
}

@InProceedings{Haghighi2008,
  author    = {Haghighi, Aria  and  Liang, Percy  and  Berg-Kirkpatrick, Taylor  and  Klein, Dan},
  title     = {Learning Bilingual Lexicons from Monolingual Corpora},
  booktitle = {Proceedings of ACL-08: HLT},
  month     = {June},
  year      = {2008},
  address   = {Columbus, Ohio},
  publisher = {Association for Computational Linguistics},
  pages     = {771--779},
}

@InProceedings{Ravi2011,
  author    = {Ravi, Sujith  and  Knight, Kevin},
  title     = {Deciphering Foreign Language},
  booktitle = {Proceedings of the 49th Annual Meeting of the Association for Computational Linguistics: Human Language Technologies},
  month     = {June},
  year      = {2011},
  address   = {Portland, Oregon, USA},
  publisher = {Association for Computational Linguistics},
  pages     = {12--21},
} 

%%%%%%%%%%%%%%%%%%%%%%
%non heuristic phrase extraction papers
%%%%%%%%%%%%%%%%%%%%%%

@inproceedings{DeNero2006,
 author = {DeNero, John and Gillick, Dan and Zhang, James and Klein, Dan},
 title = {Why generative phrase models underperform surface heuristics},
 booktitle = {Proceedings of the Workshop on Statistical Machine Translation},
 series = {StatMT '06},
 year = {2006},
 location = {New York City, New York},
 pages = {31--38},
 numpages = {8},
 publisher = {Association for Computational Linguistics},
 address = {Stroudsburg, PA, USA},
}

@inproceedings{DeNero2008,
 author = {DeNero, John and Bouchard-C\^{o}t{\'e}, Alexandre and Klein, Dan},
 title = {{Sampling alignment structure under a Bayesian translation model}},
 booktitle = {Proceedings of the Conference on Empirical Methods in Natural Language Processing},
 series = {EMNLP '08},
 year = {2008},
 location = {Honolulu, Hawaii},
 pages = {314--323},
 numpages = {10},
 publisher = {Association for Computational Linguistics},
 address = {Stroudsburg, PA, USA},
}   

@inproceedings{Blunsom2008,
 author = {Blunsom, Phil and Cohn, Trevor and Osborne, Miles},
 title = {{Bayesian Synchronous Grammar Induction}},
 booktitle = {Proceedings of the Twenty-Second Annual Conference on Neural Information Processing Systems},
 series = {NIPS 2008},
 year = {2008},
 location = {Vancouver, British Columbia},
}

@inproceedings{Zhang2008,
 author = {Zhang, Hao and Gildea, Daniel and Chiang, David},
 title = {Extracting Synchronous Grammar Rules from Word-level Alignments in Linear Time},
 booktitle = {Proceedings of the 22Nd International Conference on Computational Linguistics - Volume 1},
 series = {COLING '08},
 year = {2008},
 location = {Manchester, United Kingdom},
 pages = {1081--1088},
 numpages = {8},
 publisher = {Association for Computational Linguistics},
}    

@inproceedings{Blunsom2009,
 author = {Blunsom, Phil and Cohn, Trevor and Dyer, Chris and Osborne, Miles},
 title = {A Gibbs sampler for phrasal synchronous grammar induction},
 booktitle = {Proceedings of the Joint Conference of the 47th Annual Meeting of the ACL and the 4th International Joint Conference on Natural Language Processing of the AFNLP: Volume 2 - Volume 2},
 series = {ACL '09},
 year = {2009},
 location = {Suntec, Singapore},
 pages = {782--790},
 numpages = {9},
 publisher = {Association for Computational Linguistics},
 address = {Stroudsburg, PA, USA},
} 

@inproceedings{Cohn2009,
 author = {Cohn, Trevor and Blunsom, Phil},
 title = {{A Bayesian model of syntax-directed tree to string grammar induction}},
 booktitle = {Proceedings of the 2009 Conference on Empirical Methods in Natural Language Processing: Volume 1 - Volume 1},
 series = {EMNLP '09},
 year = {2009},
 isbn = {978-1-932432-59-6},
 location = {Singapore},
 pages = {352--361},
 numpages = {10},
 publisher = {Association for Computational Linguistics},
 address = {Stroudsburg, PA, USA},
} 

@inproceedings{Levenberg2012,
 author = {Levenberg, Abby and Dyer, Chris and Blunsom, Phil},
 title = {{A Bayesian model for learning SCFGs with discontiguous rules}},
 booktitle = {Proceedings of the 2012 Joint Conference on Empirical Methods in Natural Language Processing and Computational Natural Language Learning},
 series = {EMNLP-CoNLL '12},
 year = {2012},
 location = {Jeju Island, Korea},
 pages = {223--232},
 numpages = {10},
 publisher = {Association for Computational Linguistics},
 address = {Stroudsburg, PA, USA},
} 

@InProceedings{Mylonakis2008,
author = {Markos Mylonakis and Khalil Sima'an},
title = {{Phrase Translation Probabilities with {ITG} Priors and Smoothing as Learning Objective}},
booktitle = {Proceedings of the 2008 Conference on Empirical Methods in Natural Language Processing},
pages = {630--639},
month = {October},
year = {2008},
address = {Honolulu, USA},
publisher = {Association for Computational Linguistics}
}

@inproceedings{Huang2010,
 author = {Huang, Zhongqiang and \v{C}mejrek, Martin and Zhou, Bowen},
 title = {{Soft syntactic constraints for hierarchical phrase-based translation using latent syntactic distributions}},
 booktitle = {Proceedings of the 2010 Conference on Empirical Methods in Natural Language Processing},
 series = {EMNLP '10},
 year = {2010},
 location = {Cambridge, Massachusetts},
 pages = {138--147},
 numpages = {10},
 publisher = {Association for Computational Linguistics},
 address = {Stroudsburg, PA, USA},
} 

@InProceedings{Mylonakis2010,
author = {Markos Mylonakis and Khalil Sima'an},
title = {{Learning Probabilistic Synchronous {CFGs} for Phrase-based Translation}},
booktitle = {Fourteenth Conference on Computational Natural Language Learning},
pages = {117--125},
month = {July},
year = {2010},
address = {Uppsala, Sweden},
publisher = {Association for Computational Linguistics}
}

@InProceedings{Mylonakis2011,
  author    = {Mylonakis, Markos  and  Sima'an, Khalil},
  title     = {{Learning Hierarchical Translation Structure with Linguistic Annotations}},
  booktitle = {Proceedings of the 49th Annual Meeting of the Association for Computational Linguistics: Human Language Technologies},
  month     = {June},
  year      = {2011},
  address   = {Portland, Oregon, USA},
  publisher = {Association for Computational Linguistics},
  pages     = {642--652},
}


%%%%%%%%%%%%%%%%%%%
%Morpho-MT
%%%%%%%%%%%%%%%%%%%
@InProceedings{Toutanova2008,
  author    = {Toutanova, Kristina  and  Suzuki, Hisami  and  Ruopp, Achim},
  title     = {Applying Morphology Generation Models to Machine Translation},
  booktitle = {Proceedings of ACL-08: HLT},
  month     = {June},
  year      = {2008},
  address   = {Columbus, Ohio},
  publisher = {Association for Computational Linguistics},
  pages     = {514--522},
}

@inproceedings{Chahuneau2013,
  author    = {Victor Chahuneau and Eva Schlinger and Noah A. Smith and Chris Dyer},
  title     = {Translating into Morphologically Rich Languages with Synthetic Phrases},
  booktitle = {Proc. of EMNLP},
  year      = {2013}
}

@InProceedings{Tsvetkov2013,
  author    = {Tsvetkov, Yulia  and  Dyer, Chris  and  Levin, Lori  and  Bhatia, Archna},
  title     = {Generating {English} Determiners in Phrase-Based Translation with Synthetic Translation Options},
  booktitle = {Proceedings of the Eighth Workshop on Statistical Machine Translation},
  month     = {August},
  year      = {2013},
  address   = {Sofia, Bulgaria},
  publisher = {Association for Computational Linguistics},
  pages     = {271--280},
}

%%%%%%%%%%%%%%%%%%%
%Discriminative Training in MT
%%%%%%%%%%%%%%%%%%%

@inproceedings{Liang2006,
 author = {Liang, Percy and Bouchard-C\^{o}t{\'e}, Alexandre and Klein, Dan and Taskar, Ben},
 title = {An end-to-end discriminative approach to machine translation},
 booktitle = {Proceedings of the 21st International Conference on Computational Linguistics and the 44th annual meeting of the Association for Computational Linguistics},
 series = {ACL-44},
 year = {2006},
 location = {Sydney, Australia},
 pages = {761--768},
 numpages = {8},
 publisher = {Association for Computational Linguistics},
 address = {Stroudsburg, PA, USA},
}   

@INPROCEEDINGS{Watanabe2007,
    author = {Taro Watanabe and Jun Suzuki and Hajime Tsukada and Hideki Isozaki},
    title = {Online large-margin training for statistical machine translation},
    booktitle = {In Proc. of EMNLP},
    year = {2007}
}

@inproceedings{Chiang2009,
 author = {Chiang, David and Knight, Kevin and Wang, Wei},
 title = {11,001 new features for statistical machine translation},
 booktitle = {Proceedings of Human Language Technologies: The 2009 Annual Conference of the North American Chapter of the Association for Computational Linguistics},
 series = {NAACL '09},
 year = {2009},
 isbn = {978-1-932432-41-1},
 location = {Boulder, Colorado},
 pages = {218--226},
 numpages = {9},
 publisher = {Association for Computational Linguistics},
 address = {Stroudsburg, PA, USA},
}

@article{Chiang2012,
 author = {Chiang, David},
 title = {{Hope and Fear for Discriminative Training of Statistical Translation Models}},
 journal = {J. Mach. Learn. Res.},
 year = {2012},
 issn = {1532-4435},
 pages = {1159--1187},
 numpages = {29},
 publisher = {JMLR.org},
} 

@InProceedings{Saluja2012,
  author    = {Saluja, Avneesh and Lane, Ian and Zhang, Ying},
  title     = {Machine Translation with Binary Feedback: a Large-Margin Approach},
  booktitle = {The Tenth Biennial Conference of the Association for Machine Translation in the Americas},
  month     = {October},
  year      = {2012},
  address   = {San Diego, California},
}

@InProceedings{Flanigan2013,
  author    = {Flanigan, Jeffrey  and  Dyer, Chris  and  Carbonell, Jaime},
  title     = {Large-Scale Discriminative Training for Statistical Machine Translation Using Held-Out Line Search},
  booktitle = {Proceedings of the 2013 Conference of the North American Chapter of the Association for Computational Linguistics: Human Language Technologies},
  month     = {June},
  year      = {2013},
  address   = {Atlanta, Georgia},
  publisher = {Association for Computational Linguistics},
  pages     = {248--258},
}


%%%%%%%%%%%%%%%%%%%%
%Mining for parallel/comparable corpora
%%%%%%%%%%%%%%%%%%%

@article{Resnik2003,
 author = {Resnik, Philip and Smith, Noah A.},
 title = {The Web as a parallel corpus},
 journal = {Computational Linguistics},
 issue_date = {September 2003},
 volume = {29},
 number = {3},
 month = sep,
 year = {2003},
 issn = {0891-2017},
 pages = {349--380},
 numpages = {32},
 publisher = {MIT Press},
 address = {Cambridge, MA, USA},
}

@inproceedings{Zhang2005, 
   author = {Ying Zhang and Fei Huang and Stephan Vogel}, 
   title = {Mining translations of OOV terms from the web through cross-lingual query expansion}, 
   booktitle = {SIGIR '05: Proceedings of the 28th annual international ACM SIGIR conference on Research and development in information retrieval}, 
   year = {2005}, 
   pages = {669--670}, 
   location = {Salvador, Brazil}, 
   publisher = {ACM Press}, 
   address = {New York, NY, USA}, 
}

@inproceedings{Snover2008,
 author = {Snover, Matthew and Dorr, Bonnie and Schwartz, Richard},
 title = {Language and translation model adaptation using comparable corpora},
 booktitle = {Proceedings of the Conference on Empirical Methods in Natural Language Processing},
 series = {EMNLP '08},
 year = {2008},
 location = {Honolulu, Hawaii},
 pages = {857--866},
 numpages = {10},
 publisher = {Association for Computational Linguistics},
 address = {Stroudsburg, PA, USA},
} 

%%%%%%%%%%%%%%%%%%%
%Bilingual Lexicon Induction
%%%%%%%%%%%%%%%%%%%

@inproceedings{Rapp1995,
  author    = {Rapp, Reinhard},
  title = {Identifying Word Translations in Non-Parallel Texts},
  booktitle     = {Proceedings of the 33rd Annual Meeting of the Association for Computational
               Linguistics},
  series = {ACL '95},
  location = {Cambridge, MA}, 
  year      = {1995},
}

@inproceedings{Fung1998,
 author = {Fung, Pascale and Yee, Lo Yuen},
 title = {An IR approach for translating new words from nonparallel, comparable texts},
 booktitle = {Proceedings of the 36th Annual Meeting of the Association for Computational Linguistics and 17th International Conference on Computational Linguistics - Volume 1},
 series = {ACL '98},
 year = {1998},
 location = {Montreal, Quebec, Canada},
 pages = {414--420},
 numpages = {7},
 publisher = {Association for Computational Linguistics},
 address = {Stroudsburg, PA, USA},
}

@inproceedings{Rapp1999,
 author = {Rapp, Reinhard},
 title = {Automatic identification of word translations from unrelated English and German corpora},
 booktitle = {Proceedings of the 37th annual meeting of the Association for Computational Linguistics},
 series = {ACL '99},
 year = {1999},
 location = {College Park, Maryland},
 pages = {519--526},
 numpages = {8},
 publisher = {Association for Computational Linguistics},
 address = {Stroudsburg, PA, USA},
} 

@INPROCEEDINGS{Koehn2002,
    author = {Philipp Koehn and Kevin Knight},
    title = {Learning a Translation Lexicon from Monolingual Corpora},
    booktitle = {In Proceedings of ACL Workshop on Unsupervised Lexical Acquisition},
    year = {2002},
    pages = {9--16}
}

@inproceedings{Tamura2012,
  author    = {Akihiro Tamura and
               Taro Watanabe and
               Eiichiro Sumita},
  title     = {Bilingual Lexicon Extraction from Comparable Corpora Using
               Label Propagation},
  booktitle = {Proceedings of the 2012 Joint Conference on Empirical Methods
               in Natural Language Processing and Computational Natural
               Language Learning},
 series = {EMNLP-CoNLL '12},
  year      = {2012},
  pages     = {24-36},
}

@InProceedings{Irvine2013a,
  author    = {Irvine, Ann  and  Callison-Burch, Chris},
  title     = {Supervised Bilingual Lexicon Induction with Multiple Monolingual Signals},
  booktitle = {Proceedings of the 2013 Conference of the North American Chapter of the Association for Computational Linguistics: Human Language Technologies},
  month     = {June},
  year      = {2013},
  address   = {Atlanta, Georgia},
  publisher = {Association for Computational Linguistics},
  pages     = {518--523},
}

@inProceedings{Irvine2013b,
author = {Irvine, Ann and Callison-Burch, Chris}, 
title = {Combining Bilingual and Comparable Corpora for Low Resource Machine Translation}, 
booktitle = {Proceedings of the ACL Workshop on Statistical Machine Translation (WMT)}, 
year = {2013},
}

%%%%%%%%%%%%%%%%%%%%
%General Machine Learning
%%%%%%%%%%%%%%%%%%%%
@article{Camastra2003,
  author    = {Francesco Camastra},
  title     = {Data dimensionality estimation methods: a survey},
  journal   = {Pattern Recognition},
  volume    = {36},
  number    = {12},
  year      = {2003},
  pages     = {2945-2954},
}

@article{Blei2003,
 author = {Blei, David M. and Ng, Andrew Y. and Jordan, Michael I.},
 title = {Latent Dirichlet Allocation},
 journal = {J. Mach. Learn. Res.},
 issue_date = {3/1/2003},
 volume = {3},
 month = mar,
 year = {2003},
 issn = {1532-4435},
 pages = {993--1022},
 numpages = {30},
 publisher = {JMLR.org},
} 


@article{Hardoon2004,
 author = {Hardoon, David R. and Szedmak, Sandor R. and Shawe-taylor, John R.},
 title = {Canonical Correlation Analysis: An Overview with Application to Learning Methods},
 journal = {Neural Comput.},
 issue_date = {December 2004},
 volume = {16},
 number = {12},
 month = dec,
 year = {2004},
 issn = {0899-7667},
 pages = {2639--2664},
 numpages = {26},
 publisher = {MIT Press},
 address = {Cambridge, MA, USA},
} 

@phdthesis{Lebanon2005,
 author = {Lebanon, Guy},
 title = {Riemannian geometry and statistical machine learning},
 year = {2005},
 isbn = {0-496-93472-4},
 note = {AAI3159986},
 publisher = {Carnegie Mellon University},
 school = {Carnegie Mellon University},
 address = {Pittsburgh, PA, USA},
} 

@book{Bishop2006,
 author = {Bishop, Christopher M.},
 title = {{Pattern Recognition and Machine Learning (Information Science and Statistics)}},
 year = {2006},
 isbn = {0387310738},
 publisher = {Springer-Verlag New York, Inc.},
 address = {Secaucus, NJ, USA},
} 

@inproceedings{Andrew2007,
 author = {Andrew, Galen and Gao, Jianfeng},
 title = {Scalable training of L1-regularized log-linear models},
 booktitle = {Proceedings of the 24th international conference on Machine learning},
 series = {ICML '07},
 year = {2007},
 isbn = {978-1-59593-793-3},
 location = {Corvalis, Oregon},
 pages = {33--40},
 numpages = {8},
 publisher = {ACM},
 address = {New York, NY, USA},
} 

@inproceedings{Duchi2008,
 author = {Duchi, John and Shalev-Shwartz, Shai and Singer, Yoram and Chandra, Tushar},
 title = {Efficient projections onto the l1-ball for learning in high dimensions},
 booktitle = {Proceedings of the 25th international conference on Machine learning},
 series = {ICML '08},
 year = {2008},
 isbn = {978-1-60558-205-4},
 location = {Helsinki, Finland},
 pages = {272--279},
 numpages = {8},
 publisher = {ACM},
 address = {New York, NY, USA},
} 

@article{Ganchev2010,
 author = {Ganchev, Kuzman and Gra\c{c}a, Jo\~{a}o and Gillenwater, Jennifer and Taskar, Ben},
 title = {{Posterior Regularization for Structured Latent Variable Models}},
 journal = {J. Mach. Learn. Res.},
 volume = {99},
 month = {August},
 year = {2010},
 issn = {1532-4435},
 pages = {2001--2049},
 numpages = {49},
 publisher = {MIT Press},
 address = {Cambridge, MA, USA},
}

@article{Dekel2010,
  author    = {Ofer Dekel and
               Ohad Shamir},
  title     = {Multiclass-Multilabel Classification with More Classes than
               Examples},
  journal   = {Journal of Machine Learning Research - Proceedings Track},
  volume    = {9},
  year      = {2010},
  pages     = {137-144},
}

@inproceedings{Berg-Kirkpatrick2010,
 author = {Berg-Kirkpatrick, Taylor and Bouchard-C\^{o}t{\'e}, Alexandre and DeNero, John and Klein, Dan},
 title = {Painless Unsupervised Learning with Features},
 booktitle = {Human Language Technologies: The 2010 Annual Conference of the North American Chapter of the Association for Computational Linguistics},
 series = {HLT '10},
 year = {2010},
 isbn = {1-932432-65-5},
 location = {Los Angeles, California},
 pages = {582--590},
 numpages = {9},
 publisher = {Association for Computational Linguistics},
 address = {Stroudsburg, PA, USA},
} 

%%%%%%%%%%%%%%%%%%%%%%%
%Sparsity papers
%%%%%%%%%%%%%%%%%%%%%%%
@article{Natarajan1995,
 author = {Natarajan, B. K.},
 title = {Sparse Approximate Solutions to Linear Systems},
 journal = {SIAM J. Comput.},
 issue_date = {April 1995},
 volume = {24},
 number = {2},
 month = apr,
 year = {1995},
 issn = {0097-5397},
 pages = {227--234},
 numpages = {8},
 publisher = {Society for Industrial and Applied Mathematics},
 address = {Philadelphia, PA, USA},
 keywords = {linear systems, sparse solutions},
}

@ARTICLE{Tibshirani1996,
    author = {Robert Tibshirani},
    title = {Regression Shrinkage and Selection Via the Lasso},
    journal = {Journal of the Royal Statistical Society, Series B},
    year = {1996},
    volume = {58},
    pages = {267--288}
}

@article{Chen2001,
 author = {Chen, Scott Shaobing and Donoho, David L. and Saunders, Michael A.},
 title = {Atomic Decomposition by Basis Pursuit},
 journal = {SIAM Rev.},
 issue_date = {2001},
 volume = {43},
 number = {1},
 month = jan,
 year = {2001},
 issn = {0036-1445},
 pages = {129--159},
 numpages = {31},
 publisher = {Society for Industrial and Applied Mathematics},
 address = {Philadelphia, PA, USA},
 keywords = {\$\ell^1\$ norm optimization, MATLAB code, cosine packets, denoising, interior-point methods for linear programming, matching pursuit, multiscale edges, overcomplete signal representation, time-frequency analysis, time-scale analysis, total variation denoising, wavelet packets, wavelets},
}  

@article{Candes2005,
 author = {Candes, E. J. and Tao, T.},
 title = {Decoding by linear programming},
 journal = {IEEE Trans. Inf. Theor.},
 issue_date = {December 2005},
 volume = {51},
 number = {12},
 month = dec,
 year = {2005},
 issn = {0018-9448},
 pages = {4203--4215},
 numpages = {13},
 acmid = {2271950},
 publisher = {IEEE Press},
 address = {Piscataway, NJ, USA},
} 

@inproceedings{Garg2009,
 author = {Garg, Rahul and Khandekar, Rohit},
 title = {Gradient descent with sparsification: an iterative algorithm for sparse recovery with restricted isometry property},
 booktitle = {Proceedings of the 26th Annual International Conference on Machine Learning},
 series = {ICML '09},
 year = {2009},
 isbn = {978-1-60558-516-1},
 location = {Montreal, Quebec, Canada},
 pages = {337--344},
 numpages = {8},
 publisher = {ACM},
 address = {New York, NY, USA},
} 

@inproceedings{Pilanci2012,
  Author = {Mert Pilanci and Laurent {El Ghaoui} and Venkat Chandrasekaran},
  Title = {Recovery of Sparse Probability Measures via Convex Programming},
  Booktitle= {Proc. Advances in Neural Information Processing Systems ({NIPS})},
  Year = {2012},
  Month = Dec
}

@inproceedings{Kyrillidis2013, 
    Publisher = {JMLR Workshop and Conference Proceedings}, 
    Title = {Sparse projections onto the simplex}, 
    Booktitle = {Proceedings of the 30th International Conference on Machine Learning (ICML-13)}, 
    Author = {Anastasios Kyrillidis and Stephen Becker and Volkan Cevher and Christoph Koch}, 
    Month = may, 
    Volume = {28}, 
    Editor = {Sanjoy Dasgupta and David Mcallester}, 
    Year = {2013}, 
    Pages = {235-243}, 
   }

%%%%%%%%%%%%%%%%%%%%%%
%Spectral Learning papers
%%%%%%%%%%%%%%%%%%%%%
@article{Jaeger2000,
 author = {Jaeger, Herbert},
 title = {{Observable Operator Models for Discrete Stochastic Time Series}},
 journal = {Neural Comput.},
 issue_date = {June 2000},
 volume = {12},
 number = {6},
 month = jun,
 year = {2000},
 issn = {0899-7667},
 pages = {1371--1398},
 publisher = {MIT Press},
 address = {Cambridge, MA, USA},
} 

@inproceedings{Hsu2009,
  author    = {Daniel Hsu and
               Sham M. Kakade and
               Tong Zhang},
  title     = {{A Spectral Algorithm for Learning Hidden Markov Models}},
  booktitle = {COLT},
  year      = {2009},
}

@inproceedings{Boots2011,
  Author = "Byron Boots and Sajid Siddiqi and Geoffrey Gordon ",
  Booktitle = "Proceedings of the 25th National Conference on Artificial Intelligence (AAAI-2011)",
  Title = "An Online Spectral Learning Algorithm for Partially Observable Nonlinear Dynamical Systems ",
  Year = "2011"
}

@inproceedings{Balle2011,
 author = {Balle, Borja and Quattoni, Ariadna and Carreras, Xavier},
 title = {A spectral learning algorithm for finite state transducers},
 booktitle = {Proceedings of the 2011 European conference on Machine learning and knowledge discovery in databases - Volume Part I},
 series = {ECML PKDD'11},
 year = {2011},
 location = {Athens, Greece},
 pages = {156--171},
 numpages = {16},
 publisher = {Springer-Verlag},
 address = {Berlin, Heidelberg},
}

@inproceedings{Parikh2011,
  author    = {Ankur P. Parikh and
               Le Song and
               Eric P. Xing},
  title     = {{A Spectral Algorithm for Latent Tree Graphical Models}},
  booktitle = {Proceedings of the 28th International Conference on Machine
               Learning (ICML)},
  year      = {2011},
  pages     = {1065-1072},
} 

@inproceedings{Anandkumar2011,
 title ={{Spectral Methods for Learning Multivariate Latent Tree Structure}},
 author={Animashree Anandkumar and Kamalika Chaudhuri and Daniel J. Hsu and Sham M. Kakade and Le Song and Tong Zhang},
 booktitle = {Advances in Neural Information Processing Systems 24},
 editor = {J. Shawe-Taylor and R.S. Zemel and P. Bartlett and F.C.N. Pereira and K.Q. Weinberger},
 pages = {2025--2033},
 year = {2011}
}

@inproceedings{Dhillon2011,
  title = {{Multi-View Learning of Word Embeddings via CCA}},
  author = {Paramveer S. Dhillon and Dean Foster and Lyle Ungar},
  booktitle = {Advances in Neural Information Processing Systems (NIPS)},
  volume={24},
  year = {2011}
}

@inproceedings{Dhillon2012,
 author = {Paramveer S. Dhillon and Jordan Rodu and Michael Collins and Dean P. Foster and Lyle H. Ungar},
 title = {{Spectral Dependency Parsing with Latent Variables}},
 booktitle = {Proceedings of the Joint Conference on Empirical Methods in Natural Language Processing and Computational Natural Language Learning},
 series = {EMNLP-CoNLL'12},
 year = {2012},
 location = {Jeju, Korea}
 } 

@inproceedings{Anandkumar2012,
title ={{A Spectral Algorithm for Latent Dirichlet Allocation}},
author={Animashree Anandkumar and Dean Foster and Daniel Hsu and Sham Kakade and Yi-Kai Liu},
booktitle = {Advances in Neural Information Processing Systems 25},
editor = {P. Bartlett and F.C.N. Pereira and C.J.C. Burges and L. Bottou and K.Q. Weinberger},
pages = {926--934},
year = {2012},
}

@inproceedings{Cohen2012a,
    author = "S. B. Cohen and K. Stratos and M. Collins and D. P. Foster and L. Ungar",
    title = "Spectral Learning of Latent-Variable {PCFGs}",
    booktitle = "Proceedings of ACL",
    year = "2012"
}

@inproceedings{Cohen2012b,
    author = "S. B. Cohen and M. Collins",
    title = "Tensor Decomposition for Fast Latent-Variable {PCFG} Parsing",
    booktitle = "Proceedings of NIPS",
    year = "2012"
}

@InProceedings{Balle2012,
  author =    {Borja Balle and Ariadna Quattoni and Xavier Carreras},
  title =     {{Local Loss Optimization in Operator Models: A New Insight into Spectral Learning}},
  booktitle = {Proceedings of the 29th International Conference on Machine Learning (ICML-12)},
  series =    {ICML '12},
  year =      {2012},
  editor =    {John Langford and Joelle Pineau},
  location =  {Edinburgh, Scotland, GB},
  month =     {July},
  publisher = {Omnipress},
  address =   {New York, NY, USA},
  pages=      {1879--1886},
}

@incollection{Hsu2012,
title ={{Identifiability and Unmixing of Latent Parse Trees}},
author={Daniel Hsu and Sham Kakade and Percy Liang},
booktitle = {Advances in Neural Information Processing Systems 25},
editor = {P. Bartlett and F.C.N. Pereira and C.J.C. Burges and L. Bottou and K.Q. Weinberger},
pages = {1520--1528},
year = {2012},
}  

@inproceedings{Cohen2013,
    author = "S. B. Cohen and K. Stratos and M. Collins and D. P. Foster and L. Ungar",
    title = "Experiments with Spectral Learning of Latent-Variable {PCFGs}",
    booktitle = "Proceedings of {NAACL}",
    year = "2013"
}

%%%%%%%%%%%%%%%%%%%%
%Graph-based SSL
%%%%%%%%%%%%%%%%%%%%
@INPROCEEDINGS{Szummer2001,
    author = {Martin Szummer and Tommi Jaakkola},
    title = {Partially labeled classification with Markov random walks},
    booktitle = {Advances in Neural Information Processing Systems},
    year = {2001},
    pages = {945--952},
    publisher = {MIT Press}
}

@TECHREPORT{Zhu2002,
    author = {Xiaojin Zhu and Zoubin Ghahramani},
    title = {Learning from Labeled and Unlabeled Data with Label Propagation},
    institution = {Carnegie Mellon University},
    year = {2002}
} 

@inproceedings{Zhu2003,
  author    = {Xiaojin Zhu and
               Zoubin Ghahramani and
               John D. Lafferty},
  title     = {Semi-Supervised Learning Using Gaussian Fields and Harmonic
               Functions},
  booktitle = {Proceedings of the Twentieth International Conference on Machine Learning}, 
  series = {ICML '03},
  year      = {2003},
  pages     = {912-919},
} 

@incollection {Zhou2004,
  author = " Dengyong Zhou and  Olivier Bousquet and  Thomas Navin Lal and  Jason Weston and  Bernhard {Sch\"{o}lkopf}",
  title = " Learning with Local and Global Consistency",
  booktitle = "Advances in Neural Information Processing Systems 16",
  editor = "Sebastian Thrun and Lawrence Saul and Bernhard {Sch\"{o}lkopf}",
  publisher = "MIT Press",
  address = "Cambridge, MA",
  year = "2004",
}

@phdthesis{Zhu2005,
 author = {Zhu, Xiaojin},
 title = {Semi-supervised learning with graphs},
 year = {2005},
 isbn = {0-542-19059-1},
 note = {AAI3179046},
 publisher = {Carnegie Mellon University},
 school = {Carnegie Mellon University},
 address = {Pittsburgh, PA, USA},
} 

@article{Belkin2006,
author = {Mikhail Belkin and Partha Niyogi and Vikas Sindhwani},
title = {Manifold Regularization: A Geometric Framework for Learning from Labeled and Unlabeled Examples.},
journal = {Journal of Machine Learning Research},
volume = {7},
year = {2006},
pages = {2399-2434},
}

@INCOLLECTION{Bengio2006,
     author = {Bengio, Yoshua and Delalleau, Olivier and Le Roux, Nicolas},
     editor = {Chapelle, Olivier and {Sch{\"{o}}lkopf}, Bernhard and Zien, Alexander},
      title = {Label Propagation and Quadratic Criterion},
  booktitle = {Semi-Supervised Learning},
       year = {2006},
      pages = {193--216},
  publisher = {{MIT} Press},
}

@article{Yan2007,
 author = {Yan, Shuicheng and Xu, Dong and Zhang, Benyu and Zhang, Hong-Jiang and Yang, Qiang and Lin, Stephen},
 title = {Graph Embedding and Extensions: A General Framework for Dimensionality Reduction},
 journal = {IEEE Trans. Pattern Anal. Mach. Intell.},
 issue_date = {January 2007},
 volume = {29},
 number = {1},
 month = jan,
 year = {2007},
 issn = {0162-8828},
 pages = {40--51},
 numpages = {12},
 publisher = {IEEE Computer Society},
 address = {Washington, DC, USA},
} 


@inproceedings{Talukdar2009,
 author = {Talukdar, Partha Pratim and Crammer, Koby},
 title = {New Regularized Algorithms for Transductive Learning},
 booktitle = {Proceedings of the European Conference on Machine Learning and Knowledge Discovery in Databases: Part II},
 series = {ECML PKDD '09},
 year = {2009},
 isbn = {978-3-642-04173-0},
 location = {Bled, Slovenia},
 pages = {442--457},
 numpages = {16},
}

@incollection{Subramanya2009,
 title = {Entropic Graph Regularization in Non-Parametric Semi-Supervised Classification},
 author = {Amarnag Subramanya and Jeff Bilmes},
 booktitle = {Advances in Neural Information Processing Systems 22},
 editor = {Y. Bengio and D. Schuurmans and J. Lafferty and C. K. I. Williams and A. Culotta},
 pages = {1803--1811},
 year = {2009}
} 

@InProceedings{Dhillon2010,
  author    = {Paramveer S. Dhillon  and  Partha Pratim Talukdar and Koby Crammer},
  title     = {Learning Better Data Representation using Inference-Driven Metric Learning (IDML)},
  booktitle = {Proceedings of the ACL 2010 Conference},
  month     = {July },
  year      = {2010},
  address   = {Uppsala, Sweden},
  publisher = {Association for Computational Linguistics}
}

@article{Subramanya2011,
 author = {Subramanya, Amarnag and Bilmes, Jeff},
 title = {Semi-Supervised Learning with Measure Propagation},
 journal = {J. Mach. Learn. Res.},
 issue_date = {2/1/2011},
 volume = {12},
 month = nov,
 year = {2011},
 issn = {1532-4435},
 pages = {3311--3370},
 numpages = {60},
 publisher = {JMLR.org},
} 

%%%%%%%%%%%%%%%%%%%%
%Graph-based SSL & NLP
%%%%%%%%%%%%%%%%%%%%
@inproceedings{Rao2008,
 author = {Rao, Delip and Yarowsky, David and Callison-Burch, Chris},
 title = {Affinity Measures Based on the Graph Laplacian},
 booktitle = {Proceedings of the 3rd Textgraphs Workshop on Graph-Based Algorithms for Natural Language Processing},
 series = {TextGraphs-3},
 year = {2008},
 location = {Manchester, United Kingdom},
 pages = {41--48},
 numpages = {8},
 publisher = {Association for Computational Linguistics},
 address = {Stroudsburg, PA, USA},
} 

@InProceedings{Alexandrescu2009,
  author    = {Alexandrescu, Andrei  and  Kirchhoff, Katrin},
  title     = {Graph-based Learning for Statistical Machine Translation},
  booktitle = {Proceedings of Human Language Technologies: The 2009 Annual Conference of the North American Chapter of the Association for Computational Linguistics},
  series = {NAACL-HLT '09},
  month     = {June},
  year      = {2009},
  location   = {Boulder, Colorado},
  publisher = {Association for Computational Linguistics},
  pages     = {119--127},
}

@inproceedings{Subramanya2010,
 author = {Subramanya, Amarnag and Petrov, Slav and Pereira, Fernando},
 title = {Efficient graph-based semi-supervised learning of structured tagging models},
 booktitle = {Proceedings of the 2010 Conference on Empirical Methods in Natural Language Processing},
 series = {EMNLP '10},
 year = {2010},
 location = {Cambridge, Massachusetts},
 pages = {167--176},
 numpages = {10},
 publisher = {Association for Computational Linguistics},
 address = {Stroudsburg, PA, USA},
}

@InProceedings{Das2011,
  author    = {Das, Dipanjan  and  Petrov, Slav},
  title     = {Unsupervised Part-of-Speech Tagging with Bilingual Graph-Based Projections},
  booktitle = {Proc. of ACL},
  year      = {2011}
} 

@inproceedings{Liu2012,
 author = {Liu, Shujie and Li, Chi-Ho and Li, Mu and Zhou, Ming},
 title = {Learning translation consensus with structured label propagation},
 booktitle = {Proceedings of the 50th Annual Meeting of the Association for Computational Linguistics: Long Papers - Volume 1},
 series = {ACL '12},
 year = {2012},
 location = {Jeju Island, Korea},
 pages = {302--310},
 numpages = {9},
 acmid = {2390567},
 publisher = {Association for Computational Linguistics},
 address = {Stroudsburg, PA, USA},
}

@InProceedings{Klementiev2012,
  author    = {Klementiev, Alexandre  and  Irvine, Ann  and  Callison-Burch, Chris  and  Yarowsky, David},
  title     = {Toward Statistical Machine Translation without Parallel Corpora},
  booktitle = {Proceedings of the 13th Conference of the European Chapter of the Association for Computational Linguistics},
  month     = {April},
  year      = {2012},
  address   = {Avignon, France},
  publisher = {Association for Computational Linguistics},
  pages     = {130--140},
}

@inproceedings{Das2012,
Author = {Das, Dipanjan and Smith, Noah A.},
Booktitle = {Proc. of NAACL-HLT},
Title = {Graph-Based Lexicon Expansion with Sparsity-Inducing Penalties},
Year = {2012}}

@inproceedings{Razmara2013,
 author = {Razmara, Majid and Siahbani, Maryam and Haffari, Gholamreza and Sarkar, Anoop},
 title = {Graph Propagation for Paraphrasing Out-of-Vocabulary Words in Statistical Machine Translation},
 booktitle = {Proceedings of the 51st Annual Meeting of the Association for Computational Linguistics},
 series = {ACL-51},
 year = {2013},
 location = {Sofia, Bulgaria},
 numpages = {8},
 publisher = {Association for Computational Linguistics},
 address = {Stroudsburg, PA, USA},
}

@inproceedings{Saluja2014,
Author = {Avneesh Saluja and Kristina Toutanova and Chris Quirk and Hany Hassan},
Title = {Graph-based Semi-Supervised Learning of Translation Models from Monolingual Data},
Year = {2014},
booktitle = {Proceedings of the 52nd Annual Meeting of the Association for Computational Linguistics},
series = {ACL-52},
 location = {Baltimore, MD},
 numpages = {9},
 publisher = {Association for Computational Linguistics},
}


%%%%%%%%%%%%%%%%%%%%
%Distributed Representations and Neural Networks
%%%%%%%%%%%%%%%%%%%

@inproceedings{Vincent2008,
 author = {Vincent, Pascal and Larochelle, Hugo and Bengio, Yoshua and Manzagol, Pierre-Antoine},
 title = {Extracting and Composing Robust Features with Denoising Autoencoders},
 booktitle = {Proceedings of the 25th International Conference on Machine Learning},
 series = {ICML '08},
 year = {2008},
 isbn = {978-1-60558-205-4},
 location = {Helsinki, Finland},
 pages = {1096--1103},
 numpages = {8},
 publisher = {ACM},
 address = {New York, NY, USA},
} 


@inproceedings{Turian2010,
 author = {Turian, Joseph and Ratinov, Lev and Bengio, Yoshua},
 title = {Word Representations: A Simple and General Method for Semi-supervised Learning},
 booktitle = {Proceedings of the 48th Annual Meeting of the Association for Computational Linguistics},
 series = {ACL '10},
 year = {2010},
 location = {Uppsala, Sweden},
 pages = {384--394},
 numpages = {11},
 acmid = {1858721},
 publisher = {Association for Computational Linguistics},
 address = {Stroudsburg, PA, USA},
} 

@INPROCEEDINGS{Mikolov2010,
   author = {TomÃ¡Å¡ Mikolov and Martin KarafiÃ¡t and LukÃ¡Å¡ Burget and Jan
	ÄernockÃ½ and Sanjeev Khudanpur},
   title = {Recurrent neural network based language model},
   pages = {1045--1048},
   booktitle = {Proceedings of the 11th Annual Conference of the
	International Speech Communication Association (INTERSPEECH
	2010)},
   journal = {Proceedings of Interspeech},
   volume = {2010},
   number = {9},
   year = {2010},
   publisher = {International Speech Communication Association},
}

@article{Turney2010,
 author = {Turney, Peter D. and Pantel, Patrick},
 title = {From Frequency to Meaning: Vector Space Models of Semantics},
 journal = {J. Artif. Int. Res.},
 issue_date = {January 2010},
 volume = {37},
 number = {1},
 month = jan,
 year = {2010},
 issn = {1076-9757},
 pages = {141--188},
 numpages = {48},
 publisher = {AI Access Foundation},
 address = {USA},
} 

@phdthesis{Mikolov2012,
 author = {Mikolov, Tomas},
 title = {Statistical Language Models based on Neural Networks},
 year = {2012},
 publisher = {Brno University of Technology},
 school = {Brno University of Technology},
 address = {Pittsburgh, PA, USA},
}

@inproceedings{Huang2012,
author = {Eric H. Huang and Richard Socher and Christopher D. Manning and Andrew Y. Ng},
title = {{Improving Word Representations via Global Context and Multiple Word Prototypes}},
booktitle = {Annual Meeting of the Association for Computational Linguistics (ACL)},
year = 2012
}

@InProceedings{Mikolov2013a,
  author    = {Mikolov, Tomas  and  Yih, Wen-tau  and  Zweig, Geoffrey},
  title     = {Linguistic Regularities in Continuous Space Word Representations},
  booktitle = {Proceedings of the 2013 Conference of the North American Chapter of the Association for Computational Linguistics: Human Language Technologies},
  month     = {June},
  year      = {2013},
  address   = {Atlanta, Georgia},
  publisher = {Association for Computational Linguistics},
  pages     = {746--751},
}

@misc{Mikolov2013b,
Author = {Tomas Mikolov and Ilya Sutskever and Kai Chen and Greg Corrado and Jeffrey Dean},
Title = {Distributed Representations of Words and Phrases and their Compositionality},
Year = {2013},
Eprint = {arXiv:1310.4546},
}


%%%%%%%%%%%%%%%%%%%%
%Compositional Semantics
%%%%%%%%%%%%%%%%%%%%
@phdthesis{Sahlgren2006,
 author = {Sahlgren, M.},
 title = {The Word-Space Model: Using distributional analysis to represent syntagmatic and paradigmatic relations between words in high-dimensional vector spaces},
 year = {2006},
 publisher = {Stockholm University},
 school = {Department of Linguistics, Stockholm University},
} 

@article{Mitchell2010, 
  author = {Jeff Mitchell and Mirella Lapata}, 
  title = {Composition in Distributional Models of Semantics}, 
  journal = {Cognitive Science}, 
  year = {2010}, 
  volume = {34}, 
  number = {8}, 
  pages = {1388--1439} 
 }
 
 @inproceedings{Socher2012,
 author = {Richard Socher and Brody Huval and Christopher D. Manning and Andrew Y. Ng},
 title = {{Semantic Compositionality Through Recursive Matrix-Vector Spaces}},
 booktitle = {Proceedings of the 2012 Conference on Empirical Methods in Natural Language Processing (EMNLP)}, 
 year = 2012
 }
 

@InProceedings{Tsubaki2013,
  author    = {Tsubaki, Masashi  and  Duh, Kevin  and  Shimbo, Masashi  and  Matsumoto, Yuji},
  title     = {Modeling and Learning Semantic Co-Compositionality through Prototype Projections and Neural Networks},
  booktitle = {Proceedings of the 2013 Conference on Empirical Methods in Natural Language Processing},
  month     = {October},
  year      = {2013},
  address   = {Seattle, Washington, USA},
  publisher = {Association for Computational Linguistics},
  pages     = {130--140},
  url       = {http://www.aclweb.org/anthology/D13-1014}
}

@inproceedings{cohen-12c,
    author = "S. B. Cohen and M. Collins",
    title = "Tensor Decomposition for Fast Parsing with Latent-Variable {PCFGs}",
    booktitle = "Proceedings of NIPS",
    year = "2012"
}

@inproceedings{cohen-13a,
    author = "S. B. Cohen and G. Satta and M. Collins",
    title = "Approximate PCFG Parsing Using Tensor Decomposition",
    booktitle = "Proceedings of {NAACL}",
    year = "2013"
}

@article{cohen-14b,
    author = "S. B. Cohen and K. Stratos and M. Collins and D. P. Foster and L. Ungar",
    title = "Spectral Learning of Latent-Variable {PCFGs}: Algorithms and Sample Complexity",
    journal = "Journal of Machine Learning Research",
    year = "2014"
}

